\renewcommand\refname{References}

@article{Shafee08,
author = {Shafee, R. and others},
title = {Viscous Torque and Dissipation in the Inner Regions of a Thin Accretion Disk: Implications for Measuring Black Hole Spin},
journal = {The Astrophysical Journal},
year = {2008},
volume = {676},
pages = {549--561},
month = {March},
}

@article{Narayan97,
author = {Narayan, R. and others},
title = {Global Structure and Dynamics of Advection-Dominated Accretion Flows Around Black Holes},
journal = {The Astrophysical Journal},
volume = {476},
year = {1997},
pages = {49--60},
month = {February},
}

@article{Spruit87,
author = {Spruit , H. C. and others},
title = {Spiral Shocks and Accretion in Discs},
journal = {Monthly Notices of the Astronomical Society},
year = {1987},
month = {June},
volume = {229},
pages = {517--527},
}

@article{NarayanYi94,
author = {Narayan, R. and Yi, I.},
title = {Advection-Dominated Accretion: A Self-Similar Solution},
journal = {The Astrophysical Journal},
volume = {428},
year = {1994},
number = {L13},
}
                  
@article{Zhang97,
author = {Zhang, S. N. and others},
title = {Black Hole Spin in X-Ray Binaries: Observational Consequences},
journal = {The Astrophysical Journal},
volume = {482},
pages = {L155--L158},
year = {1997},
month = {June},
}

@article{Shafee06,
author = {Shafee, R. and others},
title = {Estimating the Spin of Stellar-Mass Black Holes by Spectral Fitting of the X-Ray Continuum},
journal = {The Astrophysical Journal},
volume = {636},
year = {2006},
month = {January},
pages = {L113--L116},
}

@article{McClintock06,
author = {McClintock, J. and others},
title = {The Spin of the Near-Extreme Kerr Black Hole GRS 195+105},
journal = {The Astrophysical Journal},
volume = {652},
pages = {518--539},
year = {2006},
month = {November},
}

@article{Davis05,
author = {Davis, S. W. and others},
title = {Relativistic Accretion Disk Models of High-State Black Hole X-Ray Binary Spectra},
journal = {The Astrophysical Journal},
volume = {621},
pages = {372--387},
year = {2005},
month = {March},
}

@article{AfshordiPaczynski03,
author = {Afshordi, N. and Paczynski, B.},
title = {Geometrically Thin Disk Accreting Into A Black Hole},
journal = {The Astrophysical Journal},
volume = {592},
year = {2003},
month = {July},
pages = {354--367},
}

@article{ShakuraSunyaev73,
author = {Shakura, N.I. and Sunyaev, R.A.},
title = {Black Holes in Binary Systems. Observational Appearance},
journal = {Astronomy and Astrophysics},
volume = {24},
year = {1973},
pages = {337--355},
}

@article{PBK81,
author = {Paczynski, B. and Bisnovatyi-Kogan, G.},
title = {A Model of a Thin Accretion Disk Around a Black Hole},
journal = {Acta Astronomica},
volume = {31},
number = {3},
year = {1981},
pages = {283--291},
}

@article{MuchotrzebPaczynski82,
author = {Mochotrzeb, B. and Paczynski, B.},
title = {Transonic Accretion Flow in a Thin Disk Around a Black Hole},
journal = {Acta Astronomica},
volume = {32.1},
number = {2},
year = {1982},
pages = {1--11},
}
@article{Kato88a,
author = {Kato, S. and others},
title = {Pulsational Instability of Transonic Regions of Accretion Disks with Conventional $\alpha$-Viscosity},
journal = {Publications of the Astronomical Society of Japan},
volume = {40},
pages = {709--727},
year = {1988},
}

@article{Abramowicz88,
author = {Abramowicz, M.A. and others},
title = {Slim Accretion Disks},
journal = {The Astrophysical Journal},
volume = {332},
pages = {646--658},
year = {1988},
month = {September},
}

@article{PophamNarayan91,
author = {Popham, R. and Narayan, R.},
title = {Does Accretion Cease When a Star Approaches Breakup?},
journal = {The Astrophysical Journal},
volume = {370},
year = {1991},
month = {April},
pages = {604--614},
}

@article{NarayanPopham93,
author = {Narayan, R. and Popham, R.},
title  = {Hard X-Rays from Accretion Disk Boundary Layers},
journal = {Nature},
volume = {362},
year = {1993},
month = {April},
pages = {820--822},
}

@article{ChenTaam93,
author = {Chen, X. and Taam, R.},
title = {The Structure and Stability of Transonic Accretion Disks Surrounding Black Holes},
journal = {The Astrophysical Journal},
volume = {412},
year = {1993},
month = {July},
pages = {254--266},
}

@article{Chen97,
author = {Chen, X. and others},
title = {Advection-Dominated Accretion: Global Transonic Solutions},
journal = {The Astrophysical Journal},
volume = {476},
year = {1997},
month = {February},
pages = {61--69},
}

@article{PW80,
author = {Paczynsky, B. and Wiita, P.J.},
title = {Thick Accretion Disks and Supercritical Luminosities},
journal = {Astronomy and Astrophysics},
volume = {88},
year = {1980},
pages = {23--31},
}

@article{Mukhopadhyay02,
author = {Mukhopadhyay, B.},
title = {Description of Pseudo-Newtonian Potential for the Relativistic Accretion Disks Around Kerr Black Holes},
journal = {The Astrophysical Journal},
volume = {581},
year = {2002},
month = {December},
pages = {427--430},
}

@book{PadmanabhanTA,
author = {Padmanabhan, T.},
title = {Theoretical Astrophysics Volume 1: Astrophysical Processes},
publisher = {Cambridge University Press},
year = {2000},
}

@book{Heath,
author = {Heath, M. T.},
title = {Scientific Computing: An Introductory Survey},
publisher = {McGraw-Hill},
year = {1997},
}

@book{NumericalRecipes,
author = {Prss, W. H. and others},
title = {Numerical Recipes: The Art of Scientific Computing. Third Edition.},
publisher = {Cambridge University Press},
year = {2007},
}

@book{Melia,
author = {Melia, F.},
title = {High-Energy Astrophysics},
publisher = {Princeton University Press},
year = {2009},
}

@book{Thompson,
author = {Thompson, M. J.},
title = {An Introduction to Astrophysical Fluid Dynamics},
publisher = {Imperial College Press},
year = {2006},
}

@book{Wald,
author = {Wald, R. M.},
title = {General Relativity},
publisher = {The University of Chicago Press},
year = {1984},
}

@book{HawkingEllis,
author = {Hawking, S. W. and Ellis, G. F. R.},
title = {The Large Scale Structure of Space-Time},
publisher = {Cambridge University Press},
year = {1973},
}

@book{MisnerThorneWheeler,
author = {Misner, C. W. and others},
title = {Gravitation},
publisher = {W.H. Freeman and Company},
year = 1973,
}

@book{ThortonMarion,
author = {Thorton, S. T. and Marion, J. B.},
title = {Classical Dynamics of Particles and Systems},
publisher = {Thomson Books},
year = {2004},
}

@book{Frank,
author = {Frank, J. and others},
title = {Accretion Power in Astrophysics},
publisher = {Cambridge University Press},
year = {2002},
}

@book{TaylorZafiratosDubson,
author = {Taylor, J. R. and others},
title = {Modern Physics for Scientists and Engineers},
publisher = {Prentice Hall, Inc.},
year = {2004},
}

@book{Schroeder,
author = {Schroeder, D. V.},
title = {Thermal Physics},
publisher = {Addison Wesley Longman},
year = 2000,
}

@article{BucciantiniZanna13,
author = {Bucciantini, N. and Zanna, L.},
title = {A fully covariant mean-field dynamo closure for numerical 3+1 resistive GRMHD},
journal = {Montly Notices of the Royal Astronomical Society},
volume = {428},
pages = {71--85},
year = {2013},
}

@article{LehnerReview01,
author = {Lehner, L.},
title = {Numerical Relativity: A Review},
journal = {Classical and Quantum Gravity},
volume = {18},
year = {2001},
pages = {R25--R86},
}

@inproceedings{Ott08,
 author = {Ott, C. D. and others},
 title = {A Case Study for Petascale Applications in Astrophysics: Simulating Gamma-ray Bursts},
 booktitle = {Proceedings of the 15th ACM Mardi Gras Conference},
 series = {MG '08},
 year = {2008},
 isbn = {978-1-59593-835-0},
 location = {Baton Rouge, Louisiana},
 pages = {18:1--18:9},
 articleno = {18},
 numpages = {9},
 url = {\url{http://doi.acm.org.subzero.lib.uoguelph.ca/10.1145/1341811.1341831},},
 doi = {10.1145/1341811.1341831},
 acmid = {1341831},
 publisher = {ACM},
 address = {New York, NY, USA},
}

@article{Font08,
author = {Font, J. A.},
title = {Numerical Hydrodynamics and Magnetohydrodynamics in General Relativity},
journal = {Living Reviews in Relativity},
volume = {11},
year = {2008},
url = {\url{http://www.livingreviews.org/lrr-2008-7}},
number = {7},
}

@article{Gou09,
author = {Gou, L. and others},
title = {A Determination of the Spin of the Black Hole Primary in LMC X-1},
journal = {The Astrophysical Journal},
volume = {701},
pages = {1076--1090},
year = {2009},
month = {August},
doi = {10.1088/0004-637X/701/2/1076},
}

@article{Liu08,
author = {Liu, J. and others},
title = {Precise Measurement of the Spin Parameter of the Stellar-Mass Black Hole M33 X-7},
journal = {The Astrophysical Journal},
volume = {679},
year = {2008},
month = {May},
pages = {L37--L40},
}

@article{Penna10,
author = {Penna, R.},
title = {Simulations of Magnetized Discs Around Black Holes: Effects of Black Hole Spin, Disc Thickness, and Magnetic Field Geometry},
journal = {Monthly Notices of the Royal Astronomical Society},
volume = {408},
year = {2010},
pages = {752--782},
}

@phdthesis{PennaThesis,
author = {Penna, R.},
title = {Black Hole Accretion Disks and Jets: Connecting Simulations and Theory},
school = {Harvard University},
year = {2013},
note = {\url{http://nrs.harvard.edu/urn-3:HUL.InstRepos:11108714}},
}

@article{BalbusHawley1,
author = {Balbus, S. A. and Hawley, J. F.},
title = {A Powerful Local SHear Instability in Weakly Magnetized Disks. I. Linear Analysis.},
journal = {The Astrophysical Journal},
volume = {376},
year = {1991},
month = {July},
pages = {214--222},
}

@article{BalbusHawley2,
author = {Hawley, J.F. and Balbus, S.A.},
title = {A Powerful Local Shear Instability in Weakly Magnetized Disks. II. Nonlinear Evolution.},
journal = {The Astrophysical Journal},
volume = {376},
year = {1991},
month = {July},
pages = {223--233},
}

@article{BalbusHawley3,
author = {Hawley, J.F. and Balbus, S.A.},
title = {A Powerful Local Shear Instability in Weakly Magnetized Disks. III. Long-Term Evolution in a Shearing Sheet.},
journal = {The Astrophysical Journal},
volume = {400},
number = {2},
year = {1992},
pages = {595--609},
}

@article{BalbusHawley4,
author = {Hawley, J.F. and Balbus, S.A.},
title = {A Powerful Local Shear Instability in Weakly Magnetized Disks. IV. Nonaxisymmetric Perturbations.},
journal = {The Astrophysical Journal},
volume = {400},
year = {1992},
pages = {610--621},
}

@article{HawleyGammieBalbus95,
author = {Hawley, J. F. and others},
title = {Local Three-Dimensional Magnetohydrodynamic Simulations of Accretion Disks},
journal = {The Astrophysical Journal},
volume = {440},
year = {1995},
month = {February},
pages = {742--763},
}

@article{HawleyGammieBalbus96,
author = {Hawley, J. F. and others},
title = {Local Three-Dimensional Simulations of an Accretion Disk Hydromagnetic Dynamo},
journal = {The Astrophysical Journal},
volume = {464},
year = {1996},
month = {June},
pages = {690--703},
}

@misc{WikipediaSpeedOfSound,
author = "Wikipedia",
title = "Speed of sound --- Wikipedia{,} The Free Encyclopedia",
year = "2013",
url = "http://en.wikipedia.org/w/index.php?title=Speed_of_sound&oldid=583246336",
}

@misc{WikiNavierStokes,
author = "Wikipedia",
title = "Navier–Stokes equations --- Wikipedia{,} The Free Encyclopedia",
year = "2013",
url = "\url{http://en.wikipedia.org/w/index.php?title=Navier%E2%80%93Stokes_equations&oldid=581836813}",
}

@misc{WikiFluids,
author = "Wikipedia",
title = "Fluid dynamics --- Wikipedia{,} The Free Encyclopedia",
year = 2013,
url = "\url{http://en.wikipedia.org/w/index.php?title=Fluid_dynamics&oldid=582761949}",
}

@misc{RKF45,
author = {Miller, J. M.},
title = {Runge-Kutta in C++},
year = 2013,
url = "\url{https://github.com/Yurlungur/runge_kutta}",
note = "\url{https://github.com/Yurlungur/runge_kutta}",
}

@misc{WaveEquation,
author = {Miller, J. M.},
title = {(1+1)-Dimensional Wave Equation Solver in C++},
year = {2013},
url = "\url{https://github.com/Yurlungur/wave_equation}",
note = "\url{https://github.com/Yurlungur/wave_equation}",
}

@misc{AccretionShooting,
author = {Miller, J. M.},
title = {Shooting Method for Accretion Discs in C++},
year = {2013},
url = "\url{https://github.com/Yurlungur/accretion_spectrum}",
note = "\url{https://github.com/Yurlungur/accretion_spectrum}",
}

@misc{BenchmarksGame,
author = {The Open Source Community},
title = {The Benchmarks Game},
url = "\url{http://benchmarksgame.alioth.debian.org/}",
note = "\url{http://benchmarksgame.alioth.debian.org/}",
}

@INPROCEEDINGS{WrongData,
    author = {Todd Mytkowicz and others},
    title = {Producing wrong data without doing anything obviously wrong},
    booktitle = {In Proc. of Int’l Conf. on Architectural Support for Programming Languages and Operating Systems},
    year = {2009},
    pages = {265--276},
    publisher = {ACM}
}


@article{Fehlberg,
year={1970},
issn={0010-485X},
journal={Computing},
volume={6},
number={1-2},
doi={10.1007/BF02241732},
title={Klassische Runge-Kutta-Formeln vierter und niedrigerer Ordnung mit Schrittweiten-Kontrolle und ihre Anwendung auf Wärmeleitungsprobleme},
url={http://dx.doi.org/10.1007/BF02241732},
publisher={Springer-Verlag},
author={Fehlberg, E.},
pages={61-71},
language={German}
}

@article{VanBommel,
author = {VanBommel, S.},
title = {Simulation of Turbulence in 2D Shearing Sheet Keplerian Accretion Disks},
journal = {Niayesh Afshordi's Astrophysics Class},
year = {2013},
volume = {1},
number = {1},
}